@article{benaim2020analyzing,
  title={Analyzing medical research results based on synthetic data and their relation to real data results: systematic comparison from five observational studies},
  author={Benaim, Anat Reiner and Almog, Ronit and Gorelik, Yuri and Hochberg, Irit and Nassar, Laila and Mashiach, Tanya and Khamaisi, Mogher and Lurie, Yael and Azzam, Zaher S and Khoury, Johad and others},
  journal={JMIR medical informatics},
  volume={8},
  number={2},
  pages={e16492},
  year={2020},
  publisher={JMIR Publications Inc., Toronto, Canada}
}

@article{spasic2020clinical,
  title={Clinical text data in machine learning: Systematic review},
  author={Spasic, Irena and Nenadic, Goran},
  journal={JMIR medical informatics},
  volume={8},
  number={3},
  pages={e17984},
  year={2020},
  publisher={JMIR Publications Inc., Toronto, Canada}
}

@article{goncalves2020generation,
  title={Generation and evaluation of synthetic patient data},
  author={Goncalves, Andre and Ray, Priyadip and Soper, Braden and Stevens, Jennifer and Coyle, Linda and Sales, Ana Paula},
  journal={BMC medical research methodology},
  volume={20},
  pages={1--40},
  year={2020},
  publisher={Springer}
}

@article{walonoski2018synthea,
  title={Synthea: An approach, method, and software mechanism for generating synthetic patients and the synthetic electronic health care record},
  author={Walonoski, Jason and Kramer, Mark and Nichols, Joseph and Quina, Andre and Moesel, Chris and Hall, Dylan and Duffett, Carlton and Dube, Kudakwashe and Gallagher, Thomas and McLachlan, Scott},
  journal={Journal of the American Medical Informatics Association},
  volume={25},
  number={3},
  pages={230--238},
  year={2018},
  publisher={Oxford University Press}
}

@misc{bronchitisModule,
url={https://github.com/synthetichealth/synthea/blob/master/src/main/resources/modules/bronchitis.json},
note={Accessed July, 2021},
author={{Synthea Developers}},
title={Synthea bronchitis module (bronchitis.json)},
year={2018}
}

@article{liu2020development,
  title={Development of Synthetic Patient Data to Support Urban Planning for Public Health},
  author={Liu, Yuezhong and Stouffs, Rudi and Theng, Yin Leng},
  year={2020},
  publisher={CUMINCAD}
}

@article{chen2019validity,
  title={The validity of synthetic clinical data: a validation study of a leading synthetic data generator (Synthea) using clinical quality measures},
  author={Chen, Junqiao and Chun, David and Patel, Milesh and Chiang, Epson and James, Jesse},
  journal={BMC medical informatics and decision making},
  volume={19},
  number={1},
  pages={1--9},
  year={2019},
  publisher={BioMed Central}
}

@article{zhang2020ensuring,
  title={Ensuring electronic medical record simulation through better training, modeling, and evaluation},
  author={Zhang, Ziqi and Yan, Chao and Mesa, Diego A and Sun, Jimeng and Malin, Bradley A},
  journal={Journal of the American Medical Informatics Association},
  volume={27},
  number={1},
  pages={99--108},
  year={2020},
  publisher={Oxford University Press}
  }

@misc{webmd,
title = {Web{MD} symptom checker},
url = {https://symptoms.webmd.com},
author = {{WebMD, LLC}},
year = {2005-2021}
}

@book{bishop2013pattern,
  title={Pattern Recognition and Machine Learning: All "just the Facts 101" Material},
  author={Bishop, C.M.},
  isbn={9788132209065},
  series={Information science and statistics},
  url={https://books.google.com/books?id=HL4HrgEACAAJ},
  year={2013},
  publisher={Springer (India) Private Limited}
}

